<record><leader>00000cas a22000007a 4500</leader><controlfield tag="001">37209875</controlfield><controlfield tag="008">970627d19391942okudn n       0    0eng d</controlfield><datafield ind1=" " ind2=" " tag="010"><subfield code="a">sn 97058251 </subfield></datafield><datafield ind1=" " ind2=" " tag="040"><subfield code="a">OBN</subfield><subfield code="b">eng</subfield><subfield code="c">OBN</subfield><subfield code="d">DLC</subfield><subfield code="d">OCLCQ</subfield><subfield code="d">OCLCF</subfield><subfield code="d">OCLCO</subfield></datafield><datafield ind1="1" ind2=" " tag="029"><subfield code="a">AU@</subfield><subfield code="b">000013409081</subfield></datafield><datafield ind1=" " ind2=" " tag="042"><subfield code="a">msc</subfield></datafield><datafield ind1="0" ind2="0" tag="245"><subfield code="a">Henryetta daily free=lance with which is combined the Henryetta news.</subfield></datafield><datafield ind1="3" ind2=" " tag="246"><subfield code="a">Henryetta daily free lance with which is combined the Henryetta news</subfield></datafield><datafield ind1=" " ind2=" " tag="260"><subfield code="a">Henryetta, Okla. :</subfield><subfield code="b">Henryetta Pub. Co.,</subfield><subfield code="c">1939-1942.</subfield></datafield><datafield ind1=" " ind2=" " tag="300"><subfield code="a">v.</subfield></datafield><datafield ind1=" " ind2=" " tag="310"><subfield code="a">Daily (except Saturday)</subfield></datafield><datafield ind1="0" ind2=" " tag="362"><subfield code="a">Vol. 37, no. 94 (Mar. 17, 1939)-v. 40, no. 190 (July 8, 1942).</subfield></datafield><datafield ind1=" " ind2="0" tag="651"><subfield code="a">Henryetta (Okla.)</subfield><subfield code="v">Newspapers.</subfield></datafield><datafield ind1=" " ind2="0" tag="651"><subfield code="a">Okmulgee County (Okla.)</subfield><subfield code="v">Newspapers.</subfield></datafield><datafield ind1=" " ind2="7" tag="655"><subfield code="a">Newspapers.</subfield><subfield code="2">fast</subfield><subfield code="0">(OCoLC)fst01423814</subfield></datafield><datafield ind1=" " ind2="7" tag="651"><subfield code="a">Oklahoma</subfield><subfield code="z">Henryetta.</subfield><subfield code="2">fast</subfield><subfield code="0">(OCoLC)fst01227045</subfield></datafield><datafield ind1=" " ind2="7" tag="651"><subfield code="a">Oklahoma</subfield><subfield code="z">Okmulgee County.</subfield><subfield code="2">fast</subfield><subfield code="0">(OCoLC)fst01216111</subfield></datafield><datafield ind1=" " ind2=" " tag="752"><subfield code="a">United States</subfield><subfield code="b">Oklahoma</subfield><subfield code="c">Okmulgee</subfield><subfield code="d">Henryetta.</subfield></datafield><datafield ind1="0" ind2="0" tag="780"><subfield code="t">Daily free-lance with which is combined the Henryetta morning news</subfield><subfield code="w">(DLC)sn 97064994</subfield><subfield code="w">(OCoLC)37209414</subfield></datafield><datafield ind1="0" ind2="0" tag="785"><subfield code="t">Henryetta daily free lance</subfield><subfield code="w">(DLC)sn 97064996</subfield><subfield code="w">(OCoLC)37209963</subfield></datafield></record>